<?xml version="1.0" encoding="UTF-8"?><collection xmlns="http://www.loc.gov/MARC21/slim"><record><leader>00339nam--2200133-i-4500</leader><controlfield tag="001">000035308</controlfield><controlfield tag="002">20161230</controlfield><controlfield tag="005">20161230201040</controlfield><controlfield tag="008">060222s1000------------r-----000-0-eng-d</controlfield><datafield ind1=" " ind2=" " tag="080"><subfield code="a">621.039.538(061.3)</subfield></datafield><datafield ind1=" " ind2=" " tag="245"><subfield code="a">Nuclear reactor shielding</subfield></datafield><datafield ind1=" " ind2=" " tag="260"><subfield code="a">Princeton, Science Press, 1977. Xiv+930p</subfield></datafield><datafield ind1=" " ind2=" " tag="700"><subfield code="a">Roussin, Robert W</subfield></datafield><datafield ind1=" " ind2=" " tag="852"><subfield code="a">47071</subfield></datafield></record></collection>